<?xml version="1.0" encoding="UTF-8"?>
<record xmlns="http://www.loc.gov/MARC21/slim">
   <leader>01571cam a2200361Ia 4500</leader>
   <controlfield tag="001">6473767</controlfield>
   <controlfield tag="003">NjP</controlfield>
   <controlfield tag="005">20190705203437.0</controlfield>
   <controlfield tag="008">110318m19669999iq h     b    000 0 arard</controlfield>
   <datafield tag="024" ind1="7" ind2=" ">
      <subfield code="a">princeton_aco004744</subfield>
      <subfield code="2">local</subfield>
   </datafield>
   <datafield ind1=" " ind2=" " tag="010">
      <subfield code="a">ne 68000530 </subfield>
   </datafield>
   <datafield ind1=" " ind2=" " tag="035">
      <subfield code="a">6473767</subfield>
   </datafield>
   <datafield ind1=" " ind2=" " tag="040">
      <subfield code="a">WAU</subfield>
      <subfield code="c">PUL</subfield>
      <subfield code="d">OCL</subfield>
      <subfield code="d">OCLCG</subfield>
      <subfield code="d">PUL</subfield>
   </datafield>
   <datafield ind1=" " ind2="4" tag="050">
      <subfield code="a">BP166</subfield>
      <subfield code="b">.S53 1966</subfield>
   </datafield>
   <datafield ind1=" " ind2=" " tag="049">
      <subfield code="a">PULL</subfield>
   </datafield>
   <datafield ind1=" " ind2=" " tag="035">
      <subfield code="a">(OCoLC)ocm20337265</subfield>
   </datafield>
   <datafield ind1="1" ind2=" " tag="100">
      <subfield code="6">880-01</subfield>
      <subfield code="a">Sharīf al-Murtaḍá, ʻAlam al-Hudá ʻAlī ibn al-Ḥusayn,</subfield>
      <subfield code="d">966-1044 or 1045.</subfield>
      <subfield code="0">http://id.loc.gov/authorities/names/n85009623</subfield>
   </datafield>
   <datafield ind1="1" ind2="0" tag="245">
      <subfield code="6">880-02</subfield>
      <subfield code="a">Rasāʼil al-Sharīf al-Murtaḍá /</subfield>
      <subfield code="c">Taḥqīq al-Sayyid Aḥmad al-Ḥusaynī.</subfield>
   </datafield>
   <datafield ind1=" " ind2=" " tag="250">
      <subfield code="6">880-03</subfield>
      <subfield code="a">al-Ṭabʻah 1.</subfield>
   </datafield>
   <datafield ind1=" " ind2=" " tag="260">
      <subfield code="a">al-Kāẓimīyah:</subfield>
      <subfield code="b">Maṭbaʻat al-Adab</subfield>
      <subfield code="c">1386 [1966 or 1967]-</subfield>
   </datafield>
   <datafield ind1=" " ind2=" " tag="300">
      <subfield code="a">v. :</subfield>
      <subfield code="b">facsims ;</subfield>
      <subfield code="c">25 cm.</subfield>
   </datafield>
   <datafield ind1="1" ind2=" " tag="490">
      <subfield code="6">880-04</subfield>
      <subfield code="a">Min al-turāth al-Islāmī ;</subfield>
      <subfield code="v">1</subfield>
   </datafield>
   <datafield ind1=" " ind2=" " tag="504">
      <subfield code="a">Includes bibliographical references.</subfield>
   </datafield>
   <datafield ind1="1" ind2=" " tag="700">
      <subfield code="a">Ḥusaynī, Aḥmad.</subfield>
   </datafield>
   <datafield ind1=" " ind2="0" tag="830">
      <subfield code="6">880-05</subfield>
      <subfield code="a">Min al-turāth al-Islāmī ;</subfield>
      <subfield code="v">1.</subfield>
   </datafield>
   <datafield ind1="1" ind2=" " tag="880">
      <subfield code="6">100-01/r</subfield>
      <subfield code="a">شريف المرتضى، علم الهدى علي بن الحسين.</subfield>
   </datafield>
   <datafield ind1="1" ind2="0" tag="880">
      <subfield code="6">245-02/r</subfield>
      <subfield code="a">رسائل الشريف المرتضى /</subfield>
      <subfield code="c">تحقيق السيد أحمد الحسيني.</subfield>
   </datafield>
   <datafield ind1=" " ind2=" " tag="880">
      <subfield code="6">250-03/r</subfield>
      <subfield code="a">الطبعة 1.</subfield>
   </datafield>
   <datafield ind1=" " ind2=" " tag="880">
      <subfield code="6">260-00/r</subfield>
      <subfield code="a">بغداد :</subfield>
      <subfield code="b">مطبعة الآداب،</subfield>
      <subfield code="c">١٣٨٦-</subfield>
   </datafield>
   <datafield ind1="1" ind2=" " tag="880">
      <subfield code="6">490-04/r</subfield>
      <subfield code="a">من التراث الإسلامي ؛</subfield>
      <subfield code="v">١</subfield>
   </datafield>
   <datafield ind1="1" ind2=" " tag="880">
      <subfield code="6">700-00/r</subfield>
      <subfield code="a">حسيني، أحمد.</subfield>
   </datafield>
   <datafield ind1=" " ind2="0" tag="880">
      <subfield code="6">830-05/r</subfield>
      <subfield code="a">من التراث الإسلامي ؛ ;</subfield>
      <subfield code="v">١.</subfield>
   </datafield>
   <datafield ind1=" " ind2=" " tag="994">
      <subfield code="a">C0</subfield>
      <subfield code="b">PUL</subfield>
   </datafield>
   <datafield ind1=" " ind2=" " tag="902">
      <subfield code="a">jyn</subfield>
      <subfield code="b">o</subfield>
      <subfield code="6">a</subfield>
      <subfield code="7">m</subfield>
      <subfield code="d">v</subfield>
      <subfield code="f">0</subfield>
      <subfield code="e">20110318</subfield>
   </datafield>
   <datafield ind1=" " ind2=" " tag="979">
      <subfield code="a">(OCoLC)ocn707730107</subfield>
   </datafield>
   <datafield ind1="8" ind2=" " tag="852">
      <subfield code="0">6452189</subfield>
      <subfield code="b">rcppa</subfield>
      <subfield code="h">2272.689575.371</subfield>
      <subfield code="x">tr fr f</subfield>
   </datafield>
   <datafield ind1=" " ind2="0" tag="866">
      <subfield code="0">6452189</subfield>
      <subfield code="a">majmūʻah 1</subfield>
   </datafield>
   <datafield ind1=" " ind2="0" tag="866">
      <subfield code="0">6452189</subfield>
      <subfield code="x">DESIGNATOR: majmūʻah</subfield>
   </datafield>
   <datafield ind1=" " ind2=" " tag="959">
      <subfield code="a">2011-03-18 13:59:14 -0500</subfield>
   </datafield>
</record>
